

@MISC{transscript,
	AUTHOR       = "W. G. Zhdanov",
	TITLE        = "Transscript der Videovorlesung",
	HOWPUBLISHED = "Website",
	NOTE         = "Online erhältlich unter
		\url{http://zdorovja.com.ua/content/blogcategory/61/72/};
	abgerufen am 07. Oktober 2014."
}


@MISC{lection,
	AUTHOR       = "W. G. Zhdanov",
	TITLE        = "Videovorlesung",
	HOWPUBLISHED = "Website",
	NOTE         = "Online erhältlich unter
\url{https://www.youtube.com/watch?v=WRKSFARLFo4} \url{https://www.youtube.com/watch?v=gV1YKb0IneQ} \url{https://www.youtube.com/watch?v=tgQ1SodgtZM} \url{https://www.youtube.com/watch?v=fpEBv6zPbpw} \url{https://www.youtube.com/watch?v=PpHNyx28GYo} \url{https://www.youtube.com/watch?v=XniibXDiHQU} 
	abgerufen am 07. Oktober 2014."
}
